% Websites
@misc{dla,
    author = {Arthur Ouaknine},
    title = {Why object detection instead of image classification?},
    howpublished = {Available at \url{https://medium.com/comet-app/review-of-deep-learning-algorithms-for-object-detection-c1f3d437b852} (2018/02/05)}
}
@misc{pda1 ,
    author = {Jonathan Hui},
    title = {Object detection: speed and accuracy comparison (Faster R-CNN, R-FCN, SSD, FPN, RetinaNet and YOLOv3)},
    howpublished = {Available at \url{https://medium.com/@jonathan_hui/object-detection-speed-and-accuracy-comparison-faster-r-cnn-r-fcn-ssd-and-yolo-5425656ae359} (2018/06/19)}
}
@misc{pda2,
    author = {Jonathan Hui},
    title = {What do we learn from region based object detectors (Faster R-CNN, R-FCN, FPN)?},
    howpublished = {Available at \url{https://medium.com/@jonathan_hui/what-do-we-learn-from-region-based-object-detectors-faster-r-cnn-r-fcn-fpn-7e354377a7c9} (2018/03/28)}
}
@misc{pda3,
    author = {Jonathan Hui},
    title = {What do we learn from single shot object detectors (SSD, YOLOv3), FPN & Focal loss (RetinaNet)?},
    howpublished = {Available at \url{https://medium.com/@jonathan_hui/what-do-we-learn-from-single-shot-object-detectors-ssd-yolo-fpn-focal-loss-3888677c5f4d} (2018/03/28)}
}
@misc{dlf1,
    publisher = {MARUTI TECHLABS},
    title = {TOP 8 DEEP LEARNING FRAMEWORKS},
    howpublished = {Available at \url{https://www.marutitech.com/top-8-deep-learning-frameworks/}}
}
@misc{dlf2,
    author = {Mateusz Opala},
    title = {Deep Learning Frameworks Comparison â€“ Tensorflow, PyTorch, Keras, MXNet, The Microsoft Cognitive Toolkit, Caffe, Deeplearning4j, Chainer},
    howpublished = {Available at \url{https://www.netguru.co/blog/deep-learning-frameworks-comparison} (2018/09/02)}
}
@misc{dlf3,
    author = {Abdelrahman Ahmed},
    title = {Choosing a Machine Learning Framework in 2018},
    howpublished = {Available at \url{https://agi.io/2018/02/09/survey-machine-learning-frameworks/} (2018/02/09)}
}
@misc{pl1,
    author = {Christina Voskoglou},
    title = {What is the best programming language for Machine Learning?},
    howpublished = {Available at \url{https://towardsdatascience.com/what-is-the-best-programming-language-for-machine-learning-a745c156d6b7} (2017/05/05)}
}
@misc{pl2,
    author = {Pratik Kanada},
    title = {Which Programming Language Is Considered To Be Best For Machine Learning?},
    howpublished = {Available at \url{https://www.datasciencecentral.com/profiles/blogs/which-programming-language-is-considered-to-be-best-for-machine} (2018/07/28)}
}
@misc{pl3,
    author = {BizDevCorp},
    title = {The 5 best programming languages for AI development},
    howpublished = {Available at \url{https://www.futureproofing.io/blog/the-5-best-programming-languages-for-ai-development} (2018/06/05)}
}

% Conversations
@misc{li ,
    author = {Fuxin Li},
    month = {October},
    year = {2018},
    howpublished = {Group meeting}
}
% Research Papers
@ARTICLE{YOLOv3,
   author = {{Redmon}, J. and {Farhadi}, A.},
    title = "{YOLOv3: An Incremental Improvement}",
  journal = {ArXiv e-prints},
archivePrefix = "arXiv",
   eprint = {1804.02767},
 primaryClass = "cs.CV",
 keywords = {Computer Science - Computer Vision and Pattern Recognition},
     year = 2018,
    month = apr,
   adsurl = {http://adsabs.harvard.edu/abs/2018arXiv180402767R},
  adsnote = {Provided by the SAO/NASA Astrophysics Data System}
}
@ARTICLE{CNN,
   author = {{Hu}, G. and {Yang}, Y. and {Yi}, D. and {Kittler}, J. and {Christmas}, W. and 
	{Li}, S.~Z. and {Hospedales}, T.},
    title = "{When Face Recognition Meets with Deep Learning: an Evaluation of Convolutional Neural Networks for Face Recognition}",
  journal = {ArXiv e-prints},
archivePrefix = "arXiv",
   eprint = {1504.02351},
 primaryClass = "cs.CV",
 keywords = {Computer Science - Computer Vision and Pattern Recognition, Computer Science - Machine Learning, Computer Science - Neural and Evolutionary Computing},
     year = 2015,
    month = apr,
   adsurl = {http://adsabs.harvard.edu/abs/2015arXiv150402351H},
  adsnote = {Provided by the SAO/NASA Astrophysics Data System}
}
@ARTICLE{li-model,
   author = {{kim}, C. and {li}, F. and Rehg, J
	},
    title = "{Multi-object Tracking with Neural Gating Using
Bilinear LSTM}",
 keywords = {Computer Science - Computer Vision and Pattern Recognition},
     year = 2018,
    month = mar,
   adsurl = {https://web.engr.oregonstate.edu/~lif/1925.pdf}
}
@ARTICLE{Carla,
   author = {{Dosovitskiy}, A. and {Ros}, G. and {Codevilla}, F. and {Lopez}, A. and 
	{Koltun}, V.},
    title = "{CARLA: An Open Urban Driving Simulator}",
  journal = {ArXiv e-prints},
archivePrefix = "arXiv",
   eprint = {1711.03938},
 keywords = {Computer Science - Machine Learning, Computer Science - Artificial Intelligence, Computer Science - Computer Vision and Pattern Recognition, Computer Science - Robotics},
     year = 2017,
    month = nov,
   adsurl = {http://adsabs.harvard.edu/abs/2017arXiv171103938D},
  adsnote = {Provided by the SAO/NASA Astrophysics Data System}
}

@ARTICLE{SSD,
   author = {{Liu}, W. and {Anguelov}, D. and {Erhan}, D. and {Szegedy}, C. and 
	{Reed}, S. and {Fu}, C.-Y. and {Berg}, A.~C.},
    title = "{SSD: Single Shot MultiBox Detector}",
  journal = {ArXiv e-prints},
archivePrefix = "arXiv",
   eprint = {1512.02325},
 primaryClass = "cs.CV",
 keywords = {Computer Science - Computer Vision and Pattern Recognition},
     year = 2015,
    month = dec,
   adsurl = {http://adsabs.harvard.edu/abs/2015arXiv151202325L},
  adsnote = {Provided by the SAO/NASA Astrophysics Data System}
}
@ARTICLE{x,
   author = {{Liu}, W. and {Camps}, O. and {Sznaier}, M.},
    title = "{Multi-camera Multi-Object Tracking}",
  journal = {ArXiv e-prints},
archivePrefix = "arXiv",
   eprint = {1709.07065},
 primaryClass = "cs.CV",
 keywords = {Computer Science - Computer Vision and Pattern Recognition},
     year = 2017,
    month = sep,
   adsurl = {http://adsabs.harvard.edu/abs/2017arXiv170907065L},
  adsnote = {Provided by the SAO/NASA Astrophysics Data System}
}
@ARTICLE{fasterrcnn,
   author = {{Ren}, S. and {He}, K. and {Girshick}, R. and {Sun}, J.},
    title = "{Faster R-CNN: Towards Real-Time Object Detection with Region Proposal Networks}",
  journal = {ArXiv e-prints},
archivePrefix = "arXiv",
   eprint = {1506.01497},
 primaryClass = "cs.CV",
 keywords = {Computer Science - Computer Vision and Pattern Recognition},
     year = 2015,
    month = jun,
   adsurl = {http://adsabs.harvard.edu/abs/2015arXiv150601497R},
  adsnote = {Provided by the SAO/NASA Astrophysics Data System}
}
@ARTICLE{maskrcnn,
   author = {{He}, K. and {Gkioxari}, G. and {Doll{\'a}r}, P. and {Girshick}, R.
	},
    title = "{Mask R-CNN}",
  journal = {ArXiv e-prints},
archivePrefix = "arXiv",
   eprint = {1703.06870},
 primaryClass = "cs.CV",
 keywords = {Computer Science - Computer Vision and Pattern Recognition},
     year = 2017,
    month = mar,
   adsurl = {http://adsabs.harvard.edu/abs/2017arXiv170306870H},
  adsnote = {Provided by the SAO/NASA Astrophysics Data System}
}
@ARTICLE{rgr,
   author = {{Huang}, J. and {Rathod}, V. and {Sun}, C. and {Zhu}, M. and 
	{Korattikara}, A. and {Fathi}, A. and {Fischer}, I. and {Wojna}, Z. and 
	{Song}, Y. and {Guadarrama}, S. and {Murphy}, K.},
    title = "{Speed/accuracy trade-offs for modern convolutional object detectors}",
  journal = {ArXiv e-prints},
archivePrefix = "arXiv",
   eprint = {1611.10012},
 primaryClass = "cs.CV",
 keywords = {Computer Science - Computer Vision and Pattern Recognition},
     year = 2016,
    month = nov,
   adsurl = {http://adsabs.harvard.edu/abs/2016arXiv161110012H},
  adsnote = {Provided by the SAO/NASA Astrophysics Data System}
}