% Websites
@misc{Medium,
    author = {Divyansh Dwivedi},
    title = {Face Detection For Beginners},
    howpublished = {Available at \url{https://towardsdatascience.com/face-detection-for-beginners-e58e8f21aad9} (2018/04/27)}
}
@misc{Face,
    author = {Ramiz Raja},
    title = {Face Detection using OpenCV and Python: A Begineer's Guide},
    howpublished = {Available at \url{https://www.superdatascience.com/opencv-face-detection/} (2017/07/08)}
}
@misc{OpenCV,
    title = {OpenCV About},
    howpublished = {Available at \url{https://opencv.org/about.html} (2018/01/30)}
}
@misc{Microsoft,
    title = {Microsoft Face},
    howpublished = {Available at \url{https://azure.microsoft.com/en-us/services/cognitive-services/face/} (2018/01/30)}
}
@misc{Detection,
    title = {Face Detection (Face Recognition Techniques) Part 1},
    howpublished = {Available at \url{http://what-when-how.com/face-recognition/face-detection-face-recognition-techniques-part-1/} (2017/06/14)}
}

% Research Papers
@ARTICLE{Study,
   author = {{Chauhan}, M. and {Sakle }, M.},
    title = "{Study & Analysis of Different Face Detection
Techniques}",
  journal = {International Journal of Computer Science and Information Technologies},
     year = 2014,
   adsurl = {http://ijcsit.com/docs/Volume%205/vol5issue02/ijcsit20140502148.pdf}
}

@ARTICLE{Carnegie,
   author = {{Huang}, F. J. and {Chen}, T.},
    title = "{Tracking of Multiple Faces for Human-Computer Interfaces and Virtual Environments}",
  journal = {IEEE Intl. Conf. on Multimedia and Expo},
     year = 2000,
   adsurl = {http://chenlab.ece.cornell.edu/projects/FaceTracking/}
}
