% Websites
@misc{zd ,
    author = {Stephanie Condon},
    title = {Portland kicks off smart city initiative with traffic sensor safety project},
    howpublished = {Available at \url{https://www.zdnet.com/article/portland-kicks-off-smart-city-initiative-with-traffic-sensor-safety-project/} (2018/06/19)}
}
@misc{CNN,
    author = {Daphne Cornelisse},
    title = {An intuitive guide to Convolutional Neural Networks},
    howpublished = {Available at \url{https://medium.freecodecamp.org/an-intuitive-guide-to-convolutional-neural-networks-260c2de0a050} (2018/04/24)}
}
@misc{VGGFace2 ,
    title = {VGGFace2 About},
    howpublished = {Available at \url{http://www.robots.ox.ac.uk/~vgg/data/vgg_face2/} (2018/10/30)}
}

% Conversations
@misc{li ,
    author = {Fuxin Li},
    month = {October},
    year = {2018},
    howpublished = {Group meeting}
}
% Research Papers
@ARTICLE{YOLOv3,
   author = {{Redmon}, J. and {Farhadi}, A.},
    title = "{YOLOv3: An Incremental Improvement}",
  journal = {ArXiv e-prints},
archivePrefix = "arXiv",
   eprint = {1804.02767},
 primaryClass = "cs.CV",
 keywords = {Computer Science - Computer Vision and Pattern Recognition},
     year = 2018,
    month = apr,
   adsurl = {http://adsabs.harvard.edu/abs/2018arXiv180402767R},
  adsnote = {Provided by the SAO/NASA Astrophysics Data System}
}
@ARTICLE{CNN,
   author = {{Hu}, G. and {Yang}, Y. and {Yi}, D. and {Kittler}, J. and {Christmas}, W. and 
	{Li}, S.~Z. and {Hospedales}, T.},
    title = "{When Face Recognition Meets with Deep Learning: an Evaluation of Convolutional Neural Networks for Face Recognition}",
  journal = {ArXiv e-prints},
archivePrefix = "arXiv",
   eprint = {1504.02351},
 primaryClass = "cs.CV",
 keywords = {Computer Science - Computer Vision and Pattern Recognition, Computer Science - Machine Learning, Computer Science - Neural and Evolutionary Computing},
     year = 2015,
    month = apr,
   adsurl = {http://adsabs.harvard.edu/abs/2015arXiv150402351H},
  adsnote = {Provided by the SAO/NASA Astrophysics Data System}
}
@ARTICLE{SSD,
   author = {{Liu}, W. and {Anguelov}, D. and {Erhan}, D. and {Szegedy}, C. and 
	{Reed}, S. and {Fu}, C.-Y. and {Berg}, A.~C.},
    title = "{SSD: Single Shot MultiBox Detector}",
  journal = {ArXiv e-prints},
archivePrefix = "arXiv",
   eprint = {1512.02325},
 primaryClass = "cs.CV",
 keywords = {Computer Science - Computer Vision and Pattern Recognition},
     year = 2015,
    month = dec,
   adsurl = {http://adsabs.harvard.edu/abs/2015arXiv151202325L},
  adsnote = {Provided by the SAO/NASA Astrophysics Data System}
}
@ARTICLE{mask-r-cnn,
   author = {{He}, K. and {Gkioxari}, G. and {Doll{\'a}r}, P. and {Girshick}, R.
	},
    title = "{Mask R-CNN}",
  journal = {ArXiv e-prints},
archivePrefix = "arXiv",
   eprint = {1703.06870},
 primaryClass = "cs.CV",
 keywords = {Computer Science - Computer Vision and Pattern Recognition},
     year = 2017,
    month = mar,
   adsurl = {http://adsabs.harvard.edu/abs/2017arXiv170306870H},
  adsnote = {Provided by the SAO/NASA Astrophysics Data System}
}
@ARTICLE{li-model,
   author = {{kim}, C. and {li}, F. and Rehg, J
	},
    title = "{Multi-object Tracking with Neural Gating Using
Bilinear LSTM}",
 keywords = {Computer Science - Computer Vision and Pattern Recognition},
     year = 2018,
    month = mar,
   adsurl = {https://web.engr.oregonstate.edu/~lif/1925.pdf}
}
@ARTICLE{Carla,
   author = {{Dosovitskiy}, A. and {Ros}, G. and {Codevilla}, F. and {Lopez}, A. and 
	{Koltun}, V.},
    title = "{CARLA: An Open Urban Driving Simulator}",
  journal = {ArXiv e-prints},
archivePrefix = "arXiv",
   eprint = {1711.03938},
 keywords = {Computer Science - Machine Learning, Computer Science - Artificial Intelligence, Computer Science - Computer Vision and Pattern Recognition, Computer Science - Robotics},
     year = 2017,
    month = nov,
   adsurl = {http://adsabs.harvard.edu/abs/2017arXiv171103938D},
  adsnote = {Provided by the SAO/NASA Astrophysics Data System}
}