@website{
  title={Portland kicks off smart city initiative with traffic sensor safety project},
  author={Condon, S.},
  url={https://www.zdnet.com/article/portland-kicks-off-smart-city-initiative-with-traffic-sensor-safety-project/},
  year={2018}
}
